@article{Kasuya1956AModel,
    title = {{A Theory of Metallic Ferro- and Antiferromagnetism on Zener's Model}},
    year = {1956},
    journal = {Progress of Theoretical Physics},
    author = {Kasuya, Tadao},
    number = {1},
    pages = {45--57},
    volume = {16},
    url = {https://academic.oup.com/ptp/article/16/1/45/1861363 https://academic.oup.com/ptp/article-pdf/16/1/45/5266722/16-1-45.pdf},
    doi = {10.1143/PTP.16.45},
    issn = {0033-068X},
    language = {en}
}

@article{Cronenwett1998ADots,
    title = {{A Tunable Kondo Effect in Quantum Dots}},
    year = {1998},
    journal = {Science},
    author = {Cronenwett, Sara M and Oosterkamp, Tjerk H and Kouwenhoven, Leo P},
    number = {5376},
    pages = {540--544},
    volume = {281},
    url = {http://science.sciencemag.org/content/281/5376/540 http://science.sciencemag.org/content/281/5376/540.full.pdf http://www.ncbi.nlm.nih.gov/pubmed/9677192 http://science.sciencemag.org/content/281/5376/540/tab-pdf},
    doi = {10.1126/science.281.5376.540},
    issn = {0036-8075, 1095-9203},
    language = {en}
}

@book{Spielman2010AlgorithmsMatrices,
    title = {{Algorithms, Graph Theory, and Linear Equations in Laplacian Matrices}},
    year = {2010},
    booktitle = {Proceedings of the International Congress of Mathematicians},
    author = {Spielman, Daniel A},
    pages = {2698--2722},
    url = {http://www.mathunion.org/ICM/ICM2010.4/Main/icm2010.4.2698.2722.pdf http://citeseerx.ist.psu.edu/viewdoc/download?doi=10.1.1.165.8870&rep=rep1&type=pdf http://citeseerx.ist.psu.edu/viewdoc/summary?doi=10.1.1.165.8870}
}

@article{Deng2012AnomalousDevice,
    title = {{Anomalous Zero-Bias Conductance Peak in a Nb-InSb Nanowire-Nb Hybrid Device}},
    year = {2012},
    journal = {Nano Letters},
    author = {Deng, M T and Yu, C L and Huang, G Y and Larsson, M and Caroff, P and Xu, H Q},
    number = {12},
    pages = {6414--6419},
    volume = {12},
    url = {http://dx.doi.org/10.1021/nl303758w http://pubs.acs.org/doi/pdfplus/10.1021/nl303758w http://pubs.acs.org/doi/full/10.1021/nl303758w},
    doi = {10.1021/nl303758w},
    issn = {1530-6984}
}

@article{Onsager1944CrystalTransition,
    title = {{Crystal Statistics. I. A Two-Dimensional Model with an Order-Disorder Transition}},
    year = {1944},
    journal = {Physical Review},
    author = {Onsager, Lars},
    number = {3-4},
    pages = {117--149},
    volume = {65},
    url = {https://link.aps.org/doi/10.1103/PhysRev.65.117 https://journals.aps.org.ez67.periodicos.capes.gov.br/pr/abstract/10.1103/PhysRev.65.117},
    doi = {10.1103/PhysRev.65.117}
}

@article{Liu2011DetectingDot,
    title = {{Detecting a Majorana-Fermion Zero Mode Using a Quantum Dot}},
    year = {2011},
    journal = {Physical Review B},
    author = {Liu, Dong E and Baranger, Harold U},
    number = {20},
    volume = {84},
    url = {http://arxiv.org/abs/1107.4338 http://www.arxiv.org/pdf/1107.4338.pdf https://arxiv.org/abs/1107.4338},
    doi = {10.1103/PhysRevB.84.201308},
    issn = {1098-0121, 1550-235X},
    keywords = {Condensed Matter - Mesoscale and Nanoscale Physics, Condensed Matter - Superconductivity}
}

@article{Zubarev1960DOUBLE-TIMEPHYSICS,
    title = {{DOUBLE-TIME GREEN FUNCTIONS IN STATISTICAL PHYSICS}},
    year = {1960},
    journal = {Soviet Physics Uspekhi},
    author = {Zubarev, D N},
    number = {3},
    pages = {320},
    volume = {3},
    url = {http://iopscience.iop.org/article/10.1070/PU1960v003n03ABEH003275/meta http://iopscience.iop.org/article/10.1070/PU1960v003n03ABEH003275/pdf http://iopscience.iop.org/article/10.1070/PU1960v003n03ABEH003275},
    doi = {10.1070/PU1960v003n03ABEH003275},
    issn = {0038-5670},
    language = {en}
}

@article{Kitaev2003Fault-tolerantAnyons,
    title = {{Fault-tolerant quantum computation by anyons}},
    year = {2003},
    journal = {Annals of Physics},
    author = {Kitaev, A Yu},
    number = {1},
    pages = {2--30},
    volume = {303},
    url = {http://arxiv.org/abs/quant-ph/9707021 http://www.arxiv.org/pdf/quant-ph/9707021.pdf https://arxiv.org/abs/quant-ph/9707021},
    doi = {10.1016/S0003-4916(02)00018-0},
    issn = {00034916},
    keywords = {Condensed Matter - Mesoscale and Nanoscale Physics, High Energy Physics - Theory, Quantum Physics}
}

@article{Hofstetter2000GeneralizedQuantities,
    title = {{Generalized Numerical Renormalization Group for Dynamical Quantities}},
    year = {2000},
    journal = {Physical Review Letters},
    author = {Hofstetter, Walter},
    number = {7},
    pages = {1508--1511},
    volume = {85},
    url = {https://link.aps.org/doi/10.1103/PhysRevLett.85.1508 https://journals.aps.org/prl/abstract/10.1103/PhysRevLett.85.1508},
    doi = {10.1103/PhysRevLett.85.1508}
}

@article{Hofstetter2000GeneralizedQuantitiesb,
    title = {{Generalized Numerical Renormalization Group for Dynamical Quantities}},
    year = {2000},
    journal = {Physical Review Letters},
    author = {Hofstetter, Walter},
    number = {7},
    pages = {1508--1511},
    volume = {85},
    url = {https://link.aps.org/doi/10.1103/PhysRevLett.85.1508 https://journals.aps.org/prl/abstract/10.1103/PhysRevLett.85.1508},
    doi = {10.1103/PhysRevLett.85.1508}
}

@article{Oreg2010HelicalWires,
    title = {{Helical Liquids and Majorana Bound States in Quantum Wires}},
    year = {2010},
    journal = {Physical Review Letters},
    author = {Oreg, Yuval and Refael, Gil and von Oppen, Felix},
    number = {17},
    pages = {177002},
    volume = {105},
    url = {https://link.aps.org/doi/10.1103/PhysRevLett.105.177002 https://journals.aps.org/prl/pdf/10.1103/PhysRevLett.105.177002 https://journals.aps.org/prl/abstract/10.1103/PhysRevLett.105.177002},
    doi = {10.1103/PhysRevLett.105.177002}
}

@article{Ruderman1954IndirectElectrons,
    title = {{Indirect Exchange Coupling of Nuclear Magnetic Moments by Conduction Electrons}},
    year = {1954},
    journal = {Physical Review},
    author = {Ruderman, M A and Kittel, C},
    number = {1},
    pages = {99--102},
    volume = {96},
    url = {https://link.aps.org/doi/10.1103/PhysRev.96.99 https://journals.aps.org/pr/abstract/10.1103/PhysRev.96.99},
    doi = {10.1103/PhysRev.96.99}
}

@article{Ruiz-Tijerina2015InteractionDot,
    title = {{Interaction effects on a Majorana zero mode leaking into a quantum dot}},
    year = {2015},
    journal = {Physical Review B},
    author = {Ruiz-Tijerina, David A and Vernek, E and Dias da Silva, Luis G G V and Egues, J C},
    number = {11},
    pages = {115435},
    volume = {91},
    url = {https://link.aps.org/doi/10.1103/PhysRevB.91.115435 https://journals.aps.org/prb/pdf/10.1103/PhysRevB.91.115435 https://journals.aps.org/prb/abstract/10.1103/PhysRevB.91.115435},
    doi = {10.1103/PhysRevB.91.115435}
}

@article{Golub2011KondoJunction,
    title = {{Kondo Correlations and Majorana Bound States in a Metal to Quantum-Dot to Topological-Superconductor Junction}},
    year = {2011},
    journal = {Physical Review Letters},
    author = {Golub, A and Kuzmenko, I and Avishai, Y},
    number = {17},
    pages = {176802},
    volume = {107},
    url = {https://link.aps.org/doi/10.1103/PhysRevLett.107.176802 https://journals.aps.org/prl/pdf/10.1103/PhysRevLett.107.176802 https://journals.aps.org/prl/abstract/10.1103/PhysRevLett.107.176802},
    doi = {10.1103/PhysRevLett.107.176802}
}

@article{Lee2013KondoSuperconductor,
    title = {{Kondo effect in a quantum dot side-coupled to a topological superconductor}},
    year = {2013},
    journal = {Physical Review B},
    author = {Lee, Minchul and Lim, Jong Soo and Lopez, Rosa},
    number = {24},
    pages = {241402},
    volume = {87},
    url = {https://link.aps.org/doi/10.1103/PhysRevB.87.241402 https://journals.aps.org/prb/abstract/10.1103/PhysRevB.87.241402},
    doi = {10.1103/PhysRevB.87.241402}
}

@article{Goldhaber-Gordon1998KondoTransistor,
    title = {{Kondo effect in a single-electron transistor}},
    year = {1998},
    journal = {Nature},
    author = {Goldhaber-Gordon, D and Shtrikman, Hadas and Mahalu, D and Abusch-Magder, David and Meirav, U and Kastner, M A},
    number = {6663},
    pages = {156--159},
    volume = {391},
    url = {https://www.nature.com/articles/34373 https://www.nature.com/articles/34373.pdf https://www.nature.com/articles/34373},
    doi = {10.1038/34373},
    issn = {1476-4687},
    language = {en}
}

@article{Anderson1961LocalizedMetals,
    title = {{Localized Magnetic States in Metals}},
    year = {1961},
    journal = {Physical Review},
    author = {Anderson, P W},
    number = {1},
    pages = {41--53},
    volume = {124},
    url = {https://link.aps.org/doi/10.1103/PhysRev.124.41 https://journals.aps.org/pr/pdf/10.1103/PhysRev.124.41 https://journals.aps.org/pr/abstract/10.1103/PhysRev.124.41},
    doi = {10.1103/PhysRev.124.41}
}

@article{Yosida1957MagneticAlloys,
    title = {{Magnetic Properties of Cu-Mn Alloys}},
    year = {1957},
    journal = {Physical Review},
    author = {Yosida, Kei},
    number = {5},
    pages = {893--898},
    volume = {106},
    url = {https://link.aps.org/doi/10.1103/PhysRev.106.893 https://journals.aps.org/pr/abstract/10.1103/PhysRev.106.893},
    doi = {10.1103/PhysRev.106.893}
}

@article{Deng2016MajoranaSystem,
    title = {{Majorana bound state in a coupled quantum-dot hybrid-nanowire system}},
    year = {2016},
    journal = {Science},
    author = {Deng, M T and Vaitiekenas, S and Hansen, E B and Danon, J and Leijnse, M and Flensberg, K and Nygard, J and Krogstrup, P and Marcus, C M},
    number = {6319},
    pages = {1557--1562},
    volume = {354},
    url = {http://science.sciencemag.org/content/354/6319/1557 http://www.ncbi.nlm.nih.gov/pubmed/28008065 http://science.sciencemag.org/content/354/6319/1557},
    doi = {10.1126/science.aaf3961},
    issn = {0036-8075, 1095-9203},
    language = {en}
}

@article{Lutchyn2010MajoranaHeterostructures,
    title = {{Majorana Fermions and a Topological Phase Transition in Semiconductor-Superconductor Heterostructures}},
    year = {2010},
    journal = {Physical Review Letters},
    author = {Lutchyn, Roman M and Sau, Jay D and Das Sarma, S},
    number = {7},
    pages = {077001},
    volume = {105},
    url = {https://link.aps.org/doi/10.1103/PhysRevLett.105.077001 https://journals.aps.org/prl/pdf/10.1103/PhysRevLett.105.077001 https://journals.aps.org/prl/abstract/10.1103/PhysRevLett.105.077001},
    doi = {10.1103/PhysRevLett.105.077001}
}

@article{Alicea2010MajoranaDevice,
    title = {{Majorana fermions in a tunable semiconductor device}},
    year = {2010},
    journal = {Physical Review B},
    author = {Alicea, Jason},
    number = {12},
    pages = {125318},
    volume = {81},
    url = {https://link.aps.org/doi/10.1103/PhysRevB.81.125318 https://journals.aps.org/prb/abstract/10.1103/PhysRevB.81.125318},
    doi = {10.1103/PhysRevB.81.125318}
}

@techreport{Wilczek2009MajoranaReturns,
    title = {{Majorana returns}},
    year = {2009},
    booktitle = {Nature Physics},
    author = {Wilczek, Frank},
    volume = {5},
    url = {www.nature.com/naturephysics},
    doi = {10.1038/nphys1380}
}

@article{Sarma2015MajoranaComputation,
    title = {{Majorana zero modes and topological quantum computation}},
    year = {2015},
    journal = {npj Quantum Information},
    author = {Sarma, Sankar Das and Freedman, Michael and Nayak, Chetan},
    pages = {15001},
    volume = {1},
    url = {https://www.nature.com/articles/npjqi20151 https://www.nature.com/articles/npjqi20151.pdf https://www.nature.com/articles/npjqi20151},
    doi = {10.1038/npjqi.2015.1},
    issn = {2056-6387},
    language = {en}
}

@article{Alicea2012NewSystems,
    title = {{New directions in the pursuit of Majorana fermions in solid state systems}},
    year = {2012},
    journal = {Reports on Progress in Physics},
    author = {Alicea, Jason},
    number = {7},
    pages = {076501},
    volume = {75},
    url = {http://stacks.iop.org/0034-4885/75/i=7/a=076501 http://iopscience.iop.org/article/10.1088/0034-4885/75/7/076501/pdf},
    doi = {10.1088/0034-4885/75/7/076501},
    issn = {0034-4885},
    language = {en}
}

@article{Sato2009Non-AbelianAtoms,
    title = {{Non-Abelian Topological Order in {\$}s{\$}-Wave Superfluids of Ultracold Fermionic Atoms}},
    year = {2009},
    journal = {Physical Review Letters},
    author = {Sato, Masatoshi and Takahashi, Yoshiro and Fujimoto, Satoshi},
    number = {2},
    pages = {020401},
    volume = {103},
    url = {https://link.aps.org/doi/10.1103/PhysRevLett.103.020401 https://journals.aps.org/prl/pdf/10.1103/PhysRevLett.103.020401 https://journals.aps.org/prl/abstract/10.1103/PhysRevLett.103.020401},
    doi = {10.1103/PhysRevLett.103.020401}
}

@phdthesis{Sindel2005NumericalLimit,
    title = {{Numerical Renormalization Group studies of Quantum Impurity Models in the Strong Coupling Limit}},
    year = {2005},
    author = {Sindel, Michael},
    publisher = {Ludwig-Maximilians-Universit{\"{a}}t M{\"{u}}nchen},
    url = {https://edoc.ub.uni-muenchen.de/3115/ https://edoc.ub.uni-muenchen.de/3115/1/Sindel_Michael.pdf https://edoc.ub.uni-muenchen.de/3115/}
}

@article{Holleitner2002ProbingMolecule,
    title = {{Probing and Controlling the Bonds of an Artificial Molecule}},
    year = {2002},
    journal = {Science},
    author = {Holleitner, Alexander W and Blick, Robert H and H{\"{u}}ttel, Andreas K and Eberl, Karl and Kotthaus, Jörg P},
    number = {5578},
    pages = {70--72},
    volume = {297},
    url = {http://science.sciencemag.org/content/297/5578/70 http://www.ncbi.nlm.nih.gov/pubmed/12098692 http://science.sciencemag.org/content/297/5578/70},
    doi = {10.1126/science.1071215},
    issn = {0036-8075, 1095-9203},
    language = {en}
}

@article{Zhang2018QuantizedConductance,
    title = {{Quantized Majorana conductance}},
    year = {2018},
    journal = {Nature},
    author = {Zhang, Hao and Liu, Chun-Xiao and Gazibegovic, Sasa and Xu, Di and Logan, John A and Wang, Guanzhong and van Loo, Nick and Bommer, Jouri D S and de Moor, Michiel W A and Car, Diana and Op het Veld, Roy L M and van Veldhoven, Petrus J and Koelling, Sebastian and Verheijen, Marcel A and Pendharkar, Mihir and Pennachio, Daniel J and Shojaei, Borzoyeh and Lee, Joon Sue and Palmstr{\o}m, Chris J and Bakkers, Erik P A M and Sarma, S Das and Kouwenhoven, Leo P},
    pages = {74},
    volume = {556},
    url = {http://dx.doi.org/10.1038/nature26142}
}

@book{Bimberg1999QuantumHeterostructures,
    title = {{Quantum Dot Heterostructures}},
    year = {1999},
    author = {Bimberg, Dieter and Grundmann, Marius and Ledentsov, Nikolai N},
    edition = {1},
    pages = {338},
    publisher = {Wiley},
    url = {https://www.amazon.com/Quantum-Dot-Heterostructures-Dieter-Bimberg/dp/0471973882},
    address = {Chichester, Eng.; New York},
    isbn = {978-0-471-97388-1},
    language = {English}
}

@article{Krishna-murthy1980Renormalization-groupCase,
    title = {{Renormalization-group approach to the Anderson model of dilute magnetic alloys. 1. Static properties for the symmetric case}},
    year = {1980},
    journal = {Phys.Rev.},
    author = {Krishna-murthy, H R and Wilkins, J W and Wilson, K G},
    pages = {1003--1043},
    volume = {B21},
    url = {http://inspirehep.net/record/163906},
    doi = {10.1103/PhysRevB.21.1003}
}

@article{Mourik2012SignaturesDevices,
    title = {{Signatures of Majorana Fermions in Hybrid Superconductor-Semiconductor Nanowire Devices}},
    year = {2012},
    journal = {Science},
    author = {Mourik, V and Zuo, K and Frolov, S M and Plissard, S R and Bakkers, E P a. M and Kouwenhoven, L P},
    number = {6084},
    pages = {1003--1007},
    volume = {336},
    url = {http://science-sciencemag-org.ez67.periodicos.capes.gov.br/content/336/6084/1003 http://science-sciencemag-org.ez67.periodicos.capes.gov.br/content/sci/336/6084/1003.full.pdf http://www.ncbi.nlm.nih.gov/pubmed/22499805 http://science-sciencemag-org.ez67.periodicos.capes.gov.br/content/336/6084/1003/tab-pdf},
    doi = {10.1126/science.1222360},
    issn = {0036-8075, 1095-9203},
    language = {en}
}

@article{Vernek2014SubtleDot,
    title = {{Subtle leakage of a Majorana mode into a quantum dot}},
    year = {2014},
    journal = {Physical Review B},
    author = {Vernek, E and Penteado, P H and Seridonio, A C and Egues, J C},
    number = {16},
    pages = {165314},
    volume = {89},
    url = {https://link.aps.org/doi/10.1103/PhysRevB.89.165314 https://journals.aps.org/prb/abstract/10.1103/PhysRevB.89.165314},
    doi = {10.1103/PhysRevB.89.165314}
}

@article{Fu2008SuperconductingInsulator,
    title = {{Superconducting Proximity Effect and Majorana Fermions at the Surface of a Topological Insulator}},
    year = {2008},
    journal = {Physical Review Letters},
    author = {Fu, Liang and Kane, C L},
    number = {9},
    pages = {096407},
    volume = {100},
    url = {https://link.aps.org/doi/10.1103/PhysRevLett.100.096407 https://journals.aps.org/prl/pdf/10.1103/PhysRevLett.100.096407 https://journals.aps.org/prl/abstract/10.1103/PhysRevLett.100.096407},
    doi = {10.1103/PhysRevLett.100.096407}
}

@book{Hewson1997TheFermions,
    title = {{The Kondo Problem to Heavy Fermions}},
    year = {1997},
    author = {Hewson, Alexander Cyril},
    pages = {476},
    publisher = {Cambridge University Press},
    url = {https://books.google.com.br/books?id=fPzgHneNFDAC},
    isbn = {978-0-521-59947-4},
    keywords = {Science / Physics / Condensed Matter, Science / Physics / General},
    language = {en}
}

@article{Wilson1975TheProblem,
    title = {{The renormalization group: Critical phenomena and the Kondo problem}},
    shorttitle = {The renormalization group},
    year = {1975},
    journal = {Reviews of Modern Physics},
    author = {Wilson, Kenneth G},
    number = {4},
    pages = {773--840},
    volume = {47},
    url = {https://link.aps.org/doi/10.1103/RevModPhys.47.773 https://journals.aps.org.ez67.periodicos.capes.gov.br/rmp/pdf/10.1103/RevModPhys.47.773 https://journals.aps.org.ez67.periodicos.capes.gov.br/rmp/abstract/10.1103/RevModPhys.47.773},
    doi = {10.1103/RevModPhys.47.773}
}

@article{Costi1994TransportGroup,
    title = {{Transport coefficients of the Anderson model via the numerical renormalization group}},
    year = {1994},
    journal = {Journal of Physics: Condensed Matter},
    author = {Costi, T A and Hewson, A C and Zlatic, V},
    number = {13},
    pages = {2519},
    volume = {6},
    url = {http://stacks.iop.org/0953-8984/6/i=13/a=013 http://iopscience.iop.org/article/10.1088/0953-8984/6/13/013/pdf},
    doi = {10.1088/0953-8984/6/13/013},
    issn = {0953-8984},
    language = {en}
}

@article{Kitaev2001UnpairedWires,
    title = {{Unpaired Majorana fermions in quantum wires}},
    year = {2001},
    journal = {Physics-Uspekhi},
    author = {Kitaev, A Yu},
    number = {10S},
    pages = {131},
    volume = {44},
    url = {http://stacks.iop.org/1063-7869/44/i=10S/a=S29 http://iopscience.iop.org/article/10.1070/1063-7869/44/10S/S29/pdf},
    doi = {10.1070/1063-7869/44/10S/S29},
    issn = {1063-7869},
    language = {en}
}

@article{Das2012Zero-biasFermions,
    title = {{Zero-bias peaks and splitting in an Al-InAs nanowire topological superconductor as a signature of Majorana fermions}},
    year = {2012},
    journal = {Nature Physics},
    author = {Das, Anindya and Ronen, Yuval and Most, Yonatan and Oreg, Yuval and Heiblum, Moty and Shtrikman, Hadas},
    number = {12},
    pages = {887},
    volume = {8},
    url = {https://www.nature.com/articles/nphys2479 https://www.nature.com/articles/nphys2479.pdf https://www.nature.com/articles/nphys2479},
    doi = {10.1038/nphys2479},
    issn = {1745-2481},
    language = {En}
}